<?xml version="1.0" encoding="UTF-8"?><collection xmlns="http://www.loc.gov/MARC21/slim"><record><leader>00469nam--2200181-i-4500</leader><controlfield tag="001">000048668</controlfield><controlfield tag="002">20161230</controlfield><controlfield tag="005">20161230201047</controlfield><controlfield tag="008">060222s1000------------r-----000-0-rus-d</controlfield><datafield ind1=" " ind2=" " tag="040"><subfield code="a">IFIN-HH</subfield></datafield><datafield ind1=" " ind2=" " tag="041"><subfield code="a">rus</subfield></datafield><datafield ind1=" " ind2=" " tag="080"><subfield code="a">539.214:539.5</subfield></datafield><datafield ind1="1" ind2=" " tag="100"><subfield code="a">Nowacki, Wojciech Krzystof</subfield></datafield><datafield ind1="1" ind2="0" tag="245"><subfield code="a">Volnovie zadaci teorii plasticinosti</subfield><subfield code="c">Wojciech krzystof nowacki</subfield></datafield><datafield ind1=" " ind2=" " tag="260"><subfield code="a">Moskva</subfield><subfield code="b">Mir</subfield><subfield code="c">1978</subfield></datafield><datafield ind1=" " ind2=" " tag="300"><subfield code="a">307P</subfield></datafield><datafield ind1=" " ind2=" " tag="852"><subfield code="a">45212</subfield><subfield code="c">539.21</subfield></datafield><datafield ind1=" " ind2=" " tag="CAT"><subfield code="a">Sys</subfield><subfield code="c">20121206</subfield><subfield code="h">115244</subfield></datafield></record></collection>